@book{hibbelermechanics,
  title={Mechanics of Materials, 2011},
  author={Hibbeler, RC},
  publisher={Upper Saddle River, NJ: Prentice Hall}
}
@book{timoshenko1959theory,
  title={Theory of plates and shells},
  author={Timoshenko, Stephen P and Woinowsky-Krieger, Sergius},
  year={1959},
  publisher={McGraw-hill}
}
@book{boresi1985advanced,
  title={Advanced mechanics of materials},
  author={Boresi, Arthur Peter and Schmidt, Richard Joseph and Sidebottom, Omar M},
  volume={6},
  year={1985},
  publisher={Wiley New York et al.}
}
@book{shigley2011shigley,
  title={Shigley's mechanical engineering design},
  author={Shigley, Joseph Edward},
  year={2011},
  publisher={Tata McGraw-Hill Education}
}
@book{juvinall2006fundamentals,
  title={Fundamentals of machine component design},
  author={Juvinall, Robert C and Marshek, Kurt M},
  volume={1},
  year={2006},
  publisher={Wiley New York}
}
@online{secondaryscience4all,
author={Secondary Science 4 All},
title={Polymers from Oil},
year=2015,
url={https://secondaryscience4all.files.wordpress.com/2014/08/poleymer.png},
urldate={},
}
@book{datsko1977materials,
  title={Materials in design and manufacturing},
  author={Datsko, Joseph},
  publisher={Malloy: Ann Arbor, MI},
  year=1977
}
@article{timoshenko412theory,
  title={Theory of elasticity. 1951},
  author={Timoshenko, S and Goodier, JN},
  journal={New York},
  volume={412},
  pages={108}
}
@book{ashby2010materials,
  title={Materials Selection in Mechanical Design},
  author={Ashby, Michael F},
  year=2010,
  publisher={Elsevier}
}
@book{plisga2017standard,
  title={Standard Handbook of Petroleum and Natural Gas Engineering},
  author={Plisga, Gary J and Lyons, William and Lorenz, Michael},
  year={2017},
  publisher={Elsevier}
}
@book{gay2014composite,
  title={Composite Materials: Design and Applications},
  author={Gay, Daniel},
  year={2014},
  publisher={CRC Press}
}
@book{jeffus2011welding,
  title={Welding: principles and applications},
  author={Jeffus, Larry},
  year={2011},
  publisher={Nelson Education}
}
@book{bringas2004handbook,
  title={Handbook of comparative world steel standards},
  author={Bringas, John E},
  year={2004},
  publisher={ASTM International,}
}
@book{oberg2016machinery,
  title={Machinery's Handbook Guide},
  author={Oberg, Erik and Horton, Holbrook L and Ryffel, Henry H and McCauley, Christopher J},
  year={2016},
  publisher={Industrial Press, Incorporated}
}